@inproceedings{madiman2008entropy,
    title={On the entropy of sums},
    author={Madiman, Mokshay},
    booktitle={2008 IEEE Information Theory Workshop},
    pages={303--307},
    year={2008},
    organization={IEEE}
}
